@inproceedings{Dumais:1998:ILA:288627.288651,
 author = {Dumais, Susan and Platt, John and Heckerman, David and Sahami, Mehran},
 title = {Inductive Learning Algorithms and Representations for Text Categorization},
 booktitle = {Proceedings of the Seventh International Conference on Information and Knowledge Management},
 series = {CIKM '98},
 year = {1998},
 isbn = {1-58113-061-9},
 location = {Bethesda, Maryland, USA},
 pages = {148--155},
 numpages = {8},
 url = {http://doi.acm.org/10.1145/288627.288651},
 doi = {10.1145/288627.288651},
 acmid = {288651},
 publisher = {ACM},
 address = {New York, NY, USA},
 keywords = {classification, information management, machine learning, support vector machines, text categorization},
 note={\url{http://doi.acm.org/10.1145/288627.288651}}
}

@inproceedings{Joachims:2001:SLL:383952.383974,
 author = {Joachims, Thorsten},
 title = {A Statistical Learning Learning Model of Text Classification for Support Vector Machines},
 booktitle = {Proceedings of the 24th Annual International ACM SIGIR Conference on Research and Development in Information Retrieval},
 series = {SIGIR '01},
 year = {2001},
 isbn = {1-58113-331-6},
 location = {New Orleans, Louisiana, USA},
 pages = {128--136},
 numpages = {9},
 url = {http://doi.acm.org/10.1145/383952.383974},
 doi = {10.1145/383952.383974},
 acmid = {383974},
 publisher = {ACM},
 address = {New York, NY, USA},
 note={\url{http://doi.acm.org/10.1145/383952.383974}}
}

@inproceedings{Rogati:2002:HFS:584792.584911,
 author = {Rogati, Monica and Yang, Yiming},
 title = {High-performing Feature Selection for Text Classification},
 booktitle = {Proceedings of the Eleventh International Conference on Information and Knowledge Management},
 series = {CIKM '02},
 year = {2002},
 isbn = {1-58113-492-4},
 location = {McLean, Virginia, USA},
 pages = {659--661},
 numpages = {3},
 url = {http://doi.acm.org/10.1145/584792.584911},
 doi = {10.1145/584792.584911},
 acmid = {584911},
 publisher = {ACM},
 address = {New York, NY, USA},
 keywords = {feature selection, text classification},
 note={\url{http://doi.acm.org/10.1145/584792.584911}}
}

@inproceedings{joachims1999transductive,
  title={Transductive inference for text classification using support vector machines},
  author={Joachims, Thorsten}
}

@inproceedings{wang2006optimal,
  title={An optimal SVM-based text classification algorithm},
  author={Wang, Zi-Qiang and Sun, Xia and Zhang, De-Xian and Li, Xin},
  booktitle={Machine Learning and Cybernetics, 2006 International Conference on},
  pages={1378--1381},
  year={2006},
  organization={IEEE}
}

@misc{sms_spam,
	title={SMS Spam Collection v. 1},
	author={Almeida, Tiago A. and José María Gómez Hidalgo},
	year={2011},
	url={http://www.dt.fee.unicamp.br/~tiago/smsspamcollection/},
	note={\url{http://www.dt.fee.unicamp.br/~tiago/smsspamcollection/}}
}

@misc{news_headline,
	title={How News Appears on Social Media},
	author={Mazer, Morgan},
	year={2017},
	url={https://www.kaggle.com/socialmedianews/how-news-appears-on-social-media/data},
	note={\url{https://www.kaggle.com/socialmedianews/how-news-appears-on-social-media/data}}
}

@misc{Lichman:2013 ,
	author = "M. Lichman",
	year = "2013",
	title = "{UCI} Machine Learning Repository",
	url = "http://archive.ics.uci.edu/ml",
	institution = "University of California, Irvine, School of Information and Computer Sciences",
	note={\url{http://archive.ics.uci.edu/ml}}
}